@article{calamai1987projected,
  title={Projected gradient methods for linearly constrained problems},
  author={Calamai, Paul H and Mor{\'e}, Jorge J},
  journal={Mathematical programming},
  volume={39},
  number={1},
  pages={93--116},
  year={1987},
  publisher={Springer}
}

@article{ekblom1973calculation,
  title={Calculation of linear bestL p-approximations},
  author={Ekblom, H{\aa}kan},
  journal={BIT Numerical Mathematics},
  volume={13},
  number={3},
  pages={292--300},
  year={1973},
  publisher={Springer}
}

@article{farquharson1998non,
  title={Non-linear inversion using general measures of data misfit and model structure},
  author={Farquharson, Colin G and Oldenburg, Douglas W},
  journal={Geophysical Journal International},
  volume={134},
  number={1},
  pages={213--227},
  year={1998},
  publisher={Oxford University Press}
}

@article{huber1964robust,
  title={Robust estimation of a location parameter},
  author={Huber, Peter J and others},
  journal={The Annals of Mathematical Statistics},
  volume={35},
  number={1},
  pages={73--101},
  year={1964},
  publisher={Institute of Mathematical Statistics}
}

@article{doug1994,
author = {Oldenburg, D. and Li, Y.},
title = {Inversion of induced polarization data},
journal = {Geophysics},
volume = {59},
number = {9},
pages = {1327-1341},
year = {1994},
doi = {10.1190/1.1443692},
URL = {http://library.seg.org/doi/abs/10.1190/1.1443692}
}

@article{oldenburg1999estimating,
  title={Estimating depth of investigation in DC resistivity and IP surveys},
  author={Oldenburg, Douglas W and Li, Yaoguo},
  journal={Geophysics},
  volume={64},
  number={2},
  pages={403--416},
  year={1999},
  publisher={Society of Exploration Geophysicists}
}

@Article{rutley2001,
  Title                    = {2-D and 3-D IP/resistivity inversion for the interpretation of Isa-style targets},
  Author                   = {Rutley, Andrea and Oldenburg, Douglas W and Shekhtman, Roman},
  Journal                  = {Exploration Geophysics},
  Year                     = {2001},
  Number                   = {3/4},
  Pages                    = {156--159},
  Volume                   = {32},

  Publisher                = {Australian Society of Exploration Geophysicists (ASEG) PO Box 8463, Perth Business Centre WA 6849 Australia}
}

@article{seigel1959mathematical,
  title={Mathematical formulation and type curves for induced polarization},
  author={Seigel, Harold O},
  journal={Geophysics},
  volume={24},
  number={3},
  pages={547--565},
  year={1959},
  publisher={Society of Exploration Geophysicists}
}

@book{vogel2002computational,
  title={Computational methods for inverse problems},
  author={Vogel, Curtis R},
  volume={23},
  year={2002},
  publisher={Siam}
}

@article{hansen2000curve,
  title={The L-curve and Its Use in the Numerical Treatment of Inverse Problems, Computational Inverse Problems in Electrocardiology, ed},
  author={Hansen, PC},
  journal={P. Johnston},
  year={2000}
}

@article{dey1979resistivity,
  title={Resistivity modeling for arbitrarily shaped three-dimensional structures},
  author={Dey, A and Morrison, H Frank},
  journal={Geophysics},
  volume={44},
  number={4},
  pages={753--780},
  year={1979},
  publisher={Society of Exploration Geophysicists}
}
